@Article{saito:11,
  author = "斉藤 成海",
  title = "数学的な見方や考え方を基盤とした論理的な思考",
  journal = "群馬大学教育実践研究",
  year = 2011,
  volume = 28,
  pages = "31--37"
}
@book{伊藤,
   author = "伊藤斉志",
   yomi = "Seiji Ito",
   title = "遺伝的アルゴリズムの基礎",
   publisher = "オーム社",
   year = 1995,
}
@Article{dartmouth,
  author = "John McCarthy and Marvin L. Minsky and Nathaniel Rochester and Claude E. Shannon",
  title = "A Proposal for the Dartmouth Summer Research Project on Artificial Intelligence, August 31, 1955",
  journal = "AI Magazine",
  year = 2006,
  volume = 27,
  number = 4,
}
@Article{LogicTheorist,
  author = "Leo Gugerty",
  title = "Newell and Simon's Logic Theorist: Historical Background and Impact on Cognitive Modeling",
  journal = "Proceedings of the Human Factors and Ergonomics Society Annual Meeting",
  year = 2006,
  volume = 50,
  pages = "880--884"
}
@article{tsukimoto:00,
    author="月本 洋",
    title="パターン推論-ニューラルネットワークの論理的推論-",
    journal="電子情報通信学会論文誌. D-2, 情報・システム 2-パターン処理",
    ISSN="09151923",
    publisher="一般社団法人電子情報通信学会",
    year="2000",
    month="feb",
    volume="00083",
    number="00002",
    pages="744-753",
    URL="https://ci.nii.ac.jp/naid/110003183723/",
    DOI="",
}
@article{sudo:07,
  title={知識を追加的に獲得可能なパターンベースの推論システム},
  author={須藤 明人 and 佐藤 彰洋 and 長谷川 修},
  journal={人工知能学会全国大会論文集},
  volume={JSAI07},
  number={ },
  pages={3E94-3E94},
  year={2007},
  doi={10.11517/pjsai.JSAI07.0_3E94}
}
